<record><leader>00000cas a2200000 a 4500</leader><controlfield tag="001">31004904</controlfield><controlfield tag="007">hd bfu---baat</controlfield><controlfield tag="007">hd afu---bact</controlfield><controlfield tag="008">940825d18561882nbuwr nea     0    0eng c</controlfield><datafield ind1=" " ind2=" " tag="010"><subfield code="a">sn 94056249 </subfield></datafield><datafield ind1=" " ind2=" " tag="040"><subfield code="a">NVG</subfield><subfield code="b">eng</subfield><subfield code="c">NVG</subfield><subfield code="d">OCL</subfield><subfield code="d">OCLCG</subfield><subfield code="d">DLC</subfield><subfield code="d">OCLCQ</subfield><subfield code="d">OCLCF</subfield><subfield code="d">OCLCO</subfield><subfield code="d">OCLCQ</subfield></datafield><datafield ind1=" " ind2=" " tag="042"><subfield code="a">pcc</subfield></datafield><datafield ind1=" " ind2=" " tag="043"><subfield code="a">n-us-nb</subfield></datafield><datafield ind1="0" ind2="0" tag="245"><subfield code="a">Nebraska advertiser.</subfield></datafield><datafield ind1="1" ind2="3" tag="246"><subfield code="a">Advertiser</subfield></datafield><datafield ind1="1" ind2="3" tag="246"><subfield code="a">Weekly advertiser</subfield></datafield><datafield ind1=" " ind2=" " tag="260"><subfield code="a">Brownville, N.T. [Neb.] :</subfield><subfield code="b">R.W. Furnas,</subfield><subfield code="c">1856-1882.</subfield></datafield><datafield ind1=" " ind2=" " tag="300"><subfield code="a">27 volumes</subfield></datafield><datafield ind1=" " ind2=" " tag="310"><subfield code="a">Weekly</subfield></datafield><datafield ind1=" " ind2=" " tag="336"><subfield code="a">text</subfield><subfield code="b">txt</subfield><subfield code="2">rdacontent</subfield></datafield><datafield ind1=" " ind2=" " tag="337"><subfield code="a">microform</subfield><subfield code="b">h</subfield><subfield code="2">rdamedia</subfield></datafield><datafield ind1=" " ind2=" " tag="338"><subfield code="a">microfilm reel</subfield><subfield code="b">hd</subfield><subfield code="2">rdacarrier</subfield></datafield><datafield ind1="0" ind2=" " tag="362"><subfield code="a">Vol. 1, no. 1 (June 7, 1856)-v.27, no. 21 (Nov. 9, 1882).</subfield></datafield><datafield ind1=" " ind2=" " tag="500"><subfield code="a">Published in Calvert, Mar. 2-June 1, 1882; and Auburn, June 8-Nov. 9, 1882.</subfield></datafield><datafield ind1=" " ind2=" " tag="580"><subfield code="a">Other ed.: Nebraska advertiser (Brownville, Neb. : Daily), Sept. 5-Dec. 24, 1870.</subfield></datafield><datafield ind1=" " ind2=" " tag="580"><subfield code="a">Merged with: Nemaha County journal, to form: Nemaha County journal and Nebraska advertiser.</subfield></datafield><datafield ind1=" " ind2=" " tag="580"><subfield code="a">Brownville telegraph issued to Advertiser subscribers, Dec. 5, 1860-Mar. 14, 1861.</subfield></datafield><datafield ind1=" " ind2=" " tag="533"><subfield code="a">Microfilm.</subfield><subfield code="m">Sept. 5,1863-Oct. 3,1867:[Gaps]</subfield><subfield code="b">Lincoln, Neb. :</subfield><subfield code="c">Nebraska State Historical Society,</subfield><subfield code="d">1973-1986.</subfield><subfield code="e">2 microfilm reels ; 35 mm.</subfield></datafield><datafield ind1=" " ind2="0" tag="651"><subfield code="a">Nebraska</subfield><subfield code="v">Newspapers.</subfield></datafield><datafield ind1=" " ind2="7" tag="651"><subfield code="a">Nebraska.</subfield><subfield code="2">fast</subfield><subfield code="0">(OCoLC)fst01208998</subfield></datafield><datafield ind1=" " ind2="7" tag="655"><subfield code="a">Newspapers.</subfield><subfield code="2">fast</subfield><subfield code="0">(OCoLC)fst01423814</subfield></datafield><datafield ind1="1" ind2=" " tag="700"><subfield code="a">Furnas, Robert W.</subfield><subfield code="q">(Robert Wilkinson),</subfield><subfield code="d">1824-1905.</subfield></datafield><datafield ind1=" " ind2=" " tag="752"><subfield code="a">United States</subfield><subfield code="b">Nebraska</subfield><subfield code="c">Nemaha</subfield><subfield code="d">Auburn.</subfield></datafield><datafield ind1=" " ind2=" " tag="752"><subfield code="a">United States</subfield><subfield code="b">Nebraska</subfield><subfield code="c">Nemaha</subfield><subfield code="d">Brownville.</subfield></datafield><datafield ind1=" " ind2=" " tag="752"><subfield code="a">United States</subfield><subfield code="b">Nebraska</subfield><subfield code="c">Nemaha</subfield><subfield code="d">Calvert.</subfield></datafield><datafield ind1="1" ind2=" " tag="775"><subfield code="t">Nebraska advertiser (Brownville, Neb. : Daily)</subfield><subfield code="w">(DLC)sn 94056251</subfield></datafield><datafield ind1="1" ind2=" " tag="776"><subfield code="t">Nebraska advertiser</subfield><subfield code="x">2163-7164</subfield><subfield code="w">(DLC)sn 84020109</subfield><subfield code="w">(OCoLC)10362256</subfield></datafield><datafield ind1="0" ind2="5" tag="780"><subfield code="t">Union (Aspinwall, Neb.)</subfield></datafield><datafield ind1="0" ind2="5" tag="780"><subfield code="t">Calvert Courier (Calvert, Neb.)</subfield></datafield><datafield ind1="1" ind2="7" tag="785"><subfield code="t">Nemaha County journal</subfield><subfield code="w">(DLC)sn 94056252</subfield></datafield><datafield ind1="1" ind2="7" tag="785"><subfield code="t">Nemaha County journal and Nebraska advertiser</subfield><subfield code="w">(DLC)sn 94056253</subfield></datafield><datafield ind1="1" ind2=" " tag="787"><subfield code="t">Brownville telegraph bulletin</subfield><subfield code="w">(DLC)sn 95069227</subfield></datafield><datafield ind1="1" ind2=" " tag="029"><subfield code="a">AU@</subfield><subfield code="b">000011236129</subfield></datafield></record>